@article{bouchet2016,
   author = {Bouchet, Anne-Sophie and Laperche, Anne and Bissuel-Belaygue, Christine and Snowdon, Rod and Nesi, Nathalie and Stahl, Andreas},
   title = {Nitrogen use efficiency in rapeseed. A review},
   journal = {Agronomy for Sustainable Development},
   volume = {36},
   number = {2},
   pages = {38},
   ISSN = {1773-0155},
   DOI = {10.1007/s13593-016-0371-0},
   url = {https://doi.org/10.1007/s13593-016-0371-0
https://link.springer.com/content/pdf/10.1007%2Fs13593-016-0371-0.pdf},
   year = {2016},
   type = {Journal Article}
}

@article{deibert2004,
   author = {Deibert, Edward J. and Utter, Rodney A.},
   title = {Field Pea Growth and Nutrient Uptake: Response to Tillage Systems and Nitrogen Fertilizer Applications},
   journal = {Communications in Soil Science and Plant Analysis},
   volume = {35},
   number = {7-8},
   pages = {1141-1165},
   ISSN = {0010-3624},
   DOI = {10.1081/CSS-120030595},
   url = {https://doi.org/10.1081/CSS-120030595
https://www.tandfonline.com/doi/pdf/10.1081/CSS-120030595?needAccess=true},
   year = {2004},
   type = {Journal Article}
}

@article{durlinger2017,
   author = {Durlinger, Bart and Koukouna, Elena and Broekema, Roline and van Paassen, Mike and Scholten, Jasper},
   title = {Agri-footprint 4.0. Part 2: Description of data},
   pages = {193},
   url = {http://www.agri-footprint.com/wp-content/uploads/2018/03/Agri-Footprint-4.0-Part-2-Description-of-data-2018.pdf},
   year = {2017},
   type = {Electronic Article}
}

@misc{emep-eea2009,
   author = {EMEP-EEA},
   volume = {2018},
   number = {August 7},
   url = {https://www.eea.europa.eu/publications/emep-eea-emission-inventory-guidebook-2009},
   year = {2009},
   type = {Web Page}
}

@misc{emep-eea2013,
   author = {EMEP-EEA},
   volume = {2016},
   number = {August 7},
   url = {http://www.eea.europa.eu/publications/emep-eea-guidebook-2013},
   year = {2013},
   type = {Web Page}
}

@misc{emep-eea2016,
   author = {EMEP-EEA},
   ISBN = {978-92-9213-806-6},
   url = {https://www.eea.europa.eu/publications/emep-eea-guidebook-2016},
   year = {2016},
   type = {Electronic Book}
}

@article{faist2009,
   author = {Faist Emmenegger, M and Reinhard, J and Zah, R},
   title = {Sustainability Quick Check for Biofuels–intermediate background report},
   journal = {With contributions from T. Ziep, R. Weichbrodt, Prof. Dr. V. Wohlgemuth, FHTW Berlin and A, Roches, R. Freiermuth Knuchel, Dr. G Gaillard, Agroscope Reckenholz-Tänikon, Düendorf, Germany},
   year = {2009},
   type = {Journal Article}
}

@misc{fao2018a,
   author = {FAO},
   volume = {2018},
   number = {August},
   url = {http://www.fao.org/land-water/databases-and-software/crop-information/en/},
   year = {2018},
   type = {Web Page}
}

@misc{fao2018,
   author = {FAO},
   url = {http://www.fao.org/geonetwork/srv/en/main.home#},
   year = {2018},
   type = {Web Page}
}

@article{freiermuth2006,
   author = {Freiermuth, Ruth},
   title = {Modell zur Berechnung der Schwermetallflüsse in der landwirtschaftlichen Ökobilanz},
   journal = {Report Agroscope FAL Reckenholz},
   volume = {42},
   year = {2006},
   type = {Journal Article}
}

@book{IPCC2006,
   author = {IPCC},
   title = {2006 IPCC Guidelines for National Greenhouse Gas Inventories, Prepared by the National Greenhouse Gas Inventories Programme},
   address = {IGES, Japan},
   ISBN = {4-88788-032-4 },
   year = {2006},
   type = {Book}
}

@article{kelner1997,
   author = {Kelner, David J and Vessey, J Kevin and Entz, Martin H},
   title = {The nitrogen dynamics of 1-, 2-and 3-year stands of alfalfa in a cropping system},
   journal = {Agriculture, ecosystems & environment},
   volume = {64},
   number = {1},
   pages = {1-10},
   ISSN = {0167-8809},
   year = {1997},
   type = {Journal Article}
}

@book{Koch2015,
   author = {Koch, Peter and Salou, Thibault},
   title = {AGRIBALYSE: Rapport Méthodologique - Version 1.2},
   publisher = {ADEME},
   address = {Angers, France},
   year = {2015},
   type = {Book},
   url = {https://www.ademe.fr/sites/default/files/assets/documents/agribalyse-rapport-methodologique-v1_2.pdf},
}

@article{lopez-bellido1994,
   author = {Lopez-Bellido, L and Castillo, JE and Fuentes, M},
   title = {Nitrogen uptake by autumn sown sugar beet},
   journal = {Fertilizer research},
   volume = {38},
   number = {2},
   pages = {101-109},
   ISSN = {0167-1731},
   year = {1994},
   type = {Journal Article}
}

@article{montemurro2005,
   author = {Montemurro, Francesco and De Giorgio, Donato},
   title = {Quality and Nitrogen Use Efficiency of Sunflower Grown at Different Nitrogen Levels Under Mediterranean Conditions},
   journal = {Journal of Plant Nutrition},
   volume = {28},
   number = {2},
   pages = {335-350},
   ISSN = {0190-4167},
   DOI = {10.1081/PLN-200047627},
   url = {https://doi.org/10.1081/PLN-200047627
https://www.tandfonline.com/doi/pdf/10.1081/PLN-200047627?needAccess=true},
   year = {2005},
   type = {Journal Article}
}

@article{mueller2013,
   author = {Mueller, Kevin E. and Tilman, David and Fornara, Dario A. and Hobbie, Sarah E.},
   title = {Root depth distribution and the diversity–productivity relationship in a long-term grassland experiment},
   journal = {Ecology},
   volume = {94},
   number = {4},
   pages = {787-793},
   DOI = {doi:10.1890/12-1399.1},
   url = {https://esajournals.onlinelibrary.wiley.com/doi/abs/10.1890/12-1399.1
https://esajournals.onlinelibrary.wiley.com/doi/pdf/10.1890/12-1399.1},
   year = {2013},
   type = {Journal Article}
}

@article{nemecek2011,
   author = {Nemecek, Thomas and Schnetzer, Julian},
   title = {Methods of assessment of direct field emissions for LCIs of agricultural production systems. Data v3.0 (2012)},
   journal = {Agroscope Reckenholz-Tänikon Research Station ART},
   year = {2011},
   type = {Journal Article}
}

@article{nemecek2014,
   author = {Nemecek, Thomas and Bengoa, Xavier and Lansche, J. and Mouron, P. and Rossi, V. and Humbert, S.},
   title = {Methodological Guidelines for the Life Cycle Inventory of Agricultural Products. Version 2.0, July 2014},
   journal = {World Food LCA Database (WFLDB). Quantis and Agroscope, Lausanne  and Zurich, Switzerland},
   year = {2014},
   type = {Journal Article}
}

@article{oomes1997,
   author = {Oomes, M.J.M. and Kuikman, P.J. and Jacobs, F.H.H.},
   title = {Nitrogen availability and uptake by grassland in mesocosms at two water levels and two water qualities},
   journal = {Plant and Soil},
   volume = {192},
   number = {2},
   pages = {249-259},
   ISSN = {1573-5036},
   DOI = {10.1023/a:1004261913464},
   url = {https://doi.org/10.1023/A:1004261913464
https://link.springer.com/content/pdf/10.1023%2FA%3A1004261913464.pdf},
   year = {1997},
   type = {Journal Article}
}

@article{prasuhn2006,
   author = {Prasuhn, Volker},
   title = {Erfassung der PO4-Austräge für die Ökobilanzierung},
   journal = {SALCA-Phosphor. Zürich, CH, Agrocope FAL Reckenholz},
   year = {2006},
   type = {Journal Article}
}

@article{rauw2012,
   author = {Rauw, Wendy Mercedes and Teglas, Michael Bela and Chandra, Sudeep and Forister, Matthew Lewis},
   title = {Growth, Root Formation, and Nutrient Value of Triticale Plants Fertilized with Biosolids},
   journal = {The Scientific World Journal},
   volume = {2012},
   pages = {7},
   DOI = {10.1100/2012/467052},
   url = {http://dx.doi.org/10.1100/2012/467052
http://downloads.hindawi.com/journals/tswj/2012/467052.pdf},
   year = {2012},
   type = {Journal Article}
}

@article{sobkowicz2004,
   author = {Sobkowicz, P and Śniady, R},
   title = {Nitrogen uptake and its efficiency in triticale (Triticosecale Witt.)–field beans (Vicia faba var. minor L.) intercrop},
   journal = {Plant Soil Environ},
   volume = {50},
   number = {11},
   pages = {500-506},
   year = {2004},
   type = {Journal Article}
}

@article{weber2014,
   author = {Weber, Jerzy and Kocowicz, Andrzej and Bekier, Jakub and Jamroz, Elzbieta and Tyszka, Rafal and Debicka, Magdalena and Parylak, Danuta and Kordas, Leszek},
   title = {The effect of a sandy soil amendment with municipal solid waste (MSW) compost on nitrogen uptake efficiency by plants},
   journal = {European Journal of Agronomy},
   volume = {54},
   pages = {54-60},
   ISSN = {1161-0301},
   DOI = {https://doi.org/10.1016/j.eja.2013.11.014},
   url = {http://www.sciencedirect.com/science/article/pii/S1161030113001810
https://ac.els-cdn.com/S1161030113001810/1-s2.0-S1161030113001810-main.pdf?_tid=59285374-9cee-4d26-847c-55ee8debef48&acdnat=1533562986_5d44c5d85d18471636cfae69c36183f6},
   year = {2014},
   type = {Journal Article}
}

